@BOOK{
	book:1,
	AUTHOR="John Doe",
	TITLE="The Book without Title",
	PUBLISHER="Dummy Publisher",
	YEAR="2100",
}

@BOOK{
	book:2,
	AUTHOR="Brad Feld",
	TITLE="Startup communities: Building an entrepreneurial ecosystem in your city",
	PUBLISHER="Hoboken, NJ: John Wiley \& Sons",
	YEAR="2012",
}

@BOOK{
	book:3,
	AUTHOR="Dane Stangler",
	TITLE="The Economic Future just Happened",
	PUBLISHER="Kansas City: Ewing Marion Kauffman Foundation.",
	YEAR="2009",
}

@BOOK{
	book:4,
	AUTHOR="Robert W. Fairlie",
	TITLE="Kauffman Index of Entrepreneurial Activity",
	PUBLISHER="Kansas City: Ewing Marion Kauffman Foundation",
	YEAR="2014",
}

@BOOK{
	book:5,
	AUTHOR="Martin Stevens",
	TITLE="Project Management Pathways",
	PUBLISHER="Association for Project Management. APM Publishing Limited",
	YEAR="2002",
}

@BOOK{
	book:6,
	AUTHOR="Young-Hoon Kwak",
	TITLE="A brief history of Project Management",
	PUBLISHER="Greenwood Publishing Group",
	YEAR="2005",
}

@BOOK{
	book:7,
	AUTHOR="Лапыгин Ю. Н.",
	TITLE="Управление проектами: от планирования до оценки эффективности",
	PUBLISHER="М.: Омега-Л",
	YEAR="2008",
}

@BOOK{
	book:8,
	AUTHOR="Бирман Г., Шмидт С.",
	TITLE="Капиталовложения. Экономический анализ ин-вестиционных проектов.",
	PUBLISHER="М.: ЮНИТИ-ДАНА",
	YEAR="2003",
}

@BOOK{
	book:arthur_samuel,
	AUTHOR="Arthur Samuel",
	TITLE="Some Studies in Machine Learning Using the Game of Checkers.",
	PUBLISHER="IBM Journal of Research and Development, Volume 44",
	YEAR="1959",
}